@online{htmlWiki,
	author = {Wikipedia},
	title = {Hypertext Markup Language},
	date = {2017-04-01},
	url = {https://de.wikipedia.org/wiki/Hypertext_Markup_Language},
	language = {german},
	urldate = {2017-04-02}
}

@online{html51,
	author = {W3C},
	title = {HTML 5.1},
	date = {2016-11-01},
	url = {https://www.w3.org/TR/2016/REC-html51-20161101/},
	language = {english},
	urldate = {2017-04-02}
}

@online{html51blog,
	author = {Philippe le Hegaret},
	title = {HTML 5.1 IS THE GOLD STANDARD},
	date = {2016-11-17},
	url = {https://www.w3.org/blog/2016/11/html-5-1-is-the-gold-standard/},
	language = {english},
	urldate = {2017-04-03}
}

@online{json,
	author = {N/a},
	title = {Introducing JSON},
	date = {N/a},
	url = {http://json.org/},
	language = {english},
	urldate = {2017-04-03}
}

@online{jsWiki,
	author = {Wikipedia},
	title = {JavaScript},
	date = {2017-03-22},
	url = {https://de.wikipedia.org/wiki/JavaScript},
	language = {german},
	urldate = {2017-04-03}
}

@online{flashPlayer,
	author = {Markus Werner},
	title = {Weg mit Flash: Der Flash Player ist ein Sicherheitsrisiko},
	date = {2016-04-06},
	url = {https://www.basicthinking.de/blog/2016/04/06/flash-player-sicherheit/},
	language = {german},
	urldate = {2017-04-03}
}

@online{chromeNoFlash,
	author = {Sascha Koesch},
	title = {Chrome 56 deaktiviert Flash},
	date = {2017-01-27},
	url = {http://de.engadget.com/2017/01/27/chrome-56-deaktiviert-flash/},
	language = {german},
	urldate = {2017-04-03}
}

@online{phpWiki,
	author = {Wikipedia},
	title = {PHP},
	date = {2017-03-20},
	url = {https://de.wikipedia.org/wiki/PHP},
	language = {german},
	urldate = {2017-04-03}
}

@online{phpCoverage,
	author = {W3Tech},
	title = {Usage of server-side programming languages for websites},
	date = {2017-04-03},
	url = {https://w3techs.com/technologies/overview/programming_language/all},
	language = {english},
	urldate = {2017-04-03}
}

@online{ajaxWiki,
	author = {Wikipedia},
	title = {Ajax (Programmierung)},
	date = {2017-03-01},
	url = {https://de.wikipedia.org/wiki/Ajax_(Programmierung)},
	language = {german},
	urldate = {2017-04-03}
}

@online{websocketWiki,
	author = {Wikipedia},
	title = {WebSocket},
	date = {2017-03-23},
	url = {https://de.wikipedia.org/wiki/WebSocket},
	language = {german},
	urldate = {2017-04-03}
}

@online{webappWiki,
	author = {Wikipedia},
	title = {WebApp},
	date = {2017-03-08},
	url = {https://de.wikipedia.org/wiki/Webanwendung},
	language = {german},
	urldate = {2017-04-04}
}

@online{prwebappWiki,
	author = {Wikipedia},
	title = {WebApp},
	date = {2017-03-02},
	url = {https://de.wikipedia.org/wiki/Progressive_Web_App},
	language = {german},
	urldate = {2017-04-04}
}

@online{jQueryCoverage,
	author = {W3Tech},
	title = {Usage of JavaScript libraries for websites},
	date = {2017-04-05},
	url = {https://w3techs.com/technologies/overview/javascript_library/all},
	language = {english},
	urldate = {2017-04-05}
}

@online{jQuery,
	author = {The jQuery Foundation},
	title = {jQuery},
	url = {https://jquery.com/},
	language = {english},
	urldate = {2017-04-05}
}

@online{materialize,
	author = {Materialize},
	title = {Documentation - Materialize},
	date = {2017-04-05},
	url = {http://materializecss.com/},
	language = {english},
	urldate = {2017-04-05}
}

@online{singlePageWiki,
	author = {Wikipedia},
	title = {Single-Page-Webanwendung},
	date = {2017-03-19},
	url = {https://de.wikipedia.org/wiki/Single-Page-Webanwendung},
	language = {german},
	urldate = {2017-04-08}
}